<?xml version="1.0" encoding="UTF-8"?><collection xmlns="http://www.loc.gov/MARC21/slim"><record><leader>00454nam--2200169-i-4500</leader><controlfield tag="001">000011641</controlfield><controlfield tag="002">20161230</controlfield><controlfield tag="005">20161230201029</controlfield><controlfield tag="008">060222s1000------------r-----000-0-eng-d</controlfield><datafield ind1=" " ind2=" " tag="040"><subfield code="a">IFIN-HH</subfield></datafield><datafield ind1=" " ind2=" " tag="080"><subfield code="a">53:51-7</subfield></datafield><datafield ind1="1" ind2=" " tag="100"><subfield code="a">Croxton, C.A</subfield></datafield><datafield ind1="1" ind2="0" tag="245"><subfield code="a">Introductory eigenphysics. an approach to the theory of fields</subfield><subfield code="c">C.a. croxton</subfield></datafield><datafield ind1=" " ind2=" " tag="260"><subfield code="a">London</subfield><subfield code="b">John Wiley &amp; Sons</subfield><subfield code="c">1974</subfield></datafield><datafield ind1=" " ind2=" " tag="300"><subfield code="a">X+275P</subfield></datafield><datafield ind1=" " ind2=" " tag="852"><subfield code="a">42958</subfield><subfield code="c">53</subfield></datafield><datafield ind1=" " ind2=" " tag="CAT"><subfield code="a">Sys</subfield><subfield code="c">20150324</subfield><subfield code="h">085050</subfield></datafield></record></collection>